<record xmlns="http://www.loc.gov/MARC21/slim" xmlns:xsi="http://www.w3.org/2001/XMLSchema-instance" xsi:schemaLocation="http://www.loc.gov/MARC21/slim http://www.loc.gov/standards/marcxml/schema/MARC21slim.xsd"><leader>00037nz   2200037n  4500</leader><controlfield tag="001">DNB|102381259</controlfield><controlfield tag="003">DNB</controlfield><controlfield tag="005">20080405190709.0</controlfield><controlfield tag="008">930416n||aznnnabbn           | aaa    |c</controlfield><datafield ind1=" " ind2=" " tag="035"><subfield code="a">(DE-101)102381259</subfield></datafield><datafield ind1=" " ind2=" " tag="035"><subfield code="a">(DE-588a)102381259</subfield></datafield><datafield ind1=" " ind2=" " tag="035"><subfield code="a">(DE-588c)4724999-7</subfield></datafield><datafield ind1=" " ind2=" " tag="040"><subfield code="a">DE-12</subfield><subfield code="b">ger</subfield><subfield code="c">DE-101</subfield><subfield code="e">rakwb</subfield><subfield code="d">9999</subfield></datafield><datafield ind1=" " ind2=" " tag="043"><subfield code="c">XT</subfield></datafield><datafield ind1=" " ind2=" " tag="065"><subfield code="2">sswd</subfield><subfield code="a">11.2p</subfield></datafield><datafield ind1=" " ind2=" " tag="079"><subfield code="a">p</subfield><subfield code="q">f</subfield><subfield code="q">p</subfield><subfield code="q">s</subfield><subfield code="t">12-PAN</subfield><subfield code="t">Lokale Kennung: B57 RVK</subfield></datafield><datafield ind1="1" ind2=" " tag="100"><subfield code="a">Argentarius, Marcus</subfield><subfield code="d">fl.1. Jh. v. Chr./1. Jh. n. Chr.</subfield></datafield><datafield ind1="0" ind2=" " tag="400"><subfield code="a">Argentarius</subfield><subfield code="c">Rhetor</subfield><subfield code="d">fl.1. Jh. v. Chr./1. Jh. n. Chr.</subfield></datafield><datafield ind1="0" ind2=" " tag="400"><subfield code="a">Argentarius</subfield><subfield code="c">Epigrammaticus</subfield><subfield code="d">fl.1. Jh. v. Chr./1. Jh. n. Chr.</subfield></datafield><datafield ind1="0" ind2=" " tag="400"><subfield code="a">Argentarius</subfield><subfield code="c">Epigrammatiker des Philippos-Kranzes</subfield><subfield code="d">fl.1. Jh. v. Chr./1. Jh. n. Chr.</subfield></datafield><datafield ind1=" " ind2=" " tag="549"><subfield code="w">i</subfield><subfield code="i">Zeit</subfield><subfield code="a">1. Jh. v. Chr./1. Jh. n. Chr.</subfield></datafield><datafield ind1=" " ind2=" " tag="670"><subfield code="a">PND, Pauly</subfield></datafield><datafield ind1=" " ind2=" " tag="678"><subfield code="a">Röm. Rhetor aus der Zeit des Augustus</subfield></datafield><datafield ind1=" " ind2=" " tag="997"><subfield code="a">0 0 flourished 0 0</subfield><subfield code="9">1</subfield></datafield></record>